@article{vlak2011prevalence,
	title={Prevalence of unruptured intracranial aneurysms, with emphasis on sex, age, comorbidity, country, and time period: a systematic review and meta-analysis},
	author={Vlak, Monique HM and Algra, Ale and Brandenburg, Raya and Rinkel, Gabri{\"e}l JE},
	journal={The Lancet Neurology},
	volume={10},
	number={7},
	pages={626--636},
	year={2011},
	publisher={Elsevier}
}

@article{friedman2001small,
	title={Small cerebral aneurysms presenting with symptoms other than rupture},
	author={Friedman, JA and Piepgras, DG and Pichelmann, MA and Hansen, KK and Brown, RD and Wiebers, DO},
	journal={Neurology},
	volume={57},
	number={7},
	pages={1212--1216},
	year={2001},
	publisher={AAN Enterprises}
}

@article{Sichermann2019,
	author = {Sichermann, T. and Faron, A. and Sijben, R. and Teichert, N. and Freiherr, J. and Wiesmann, M. and Sichtermann, Thorsten},
	doi = {10.3174/ajnr.A5911},
	file = {:home/dhaval/.local/share/data/Mendeley Ltd./Mendeley Desktop/Downloaded/Sichermann et al. - 2019 - Deep learning-based detection of intracranial aneurysms in 3D TOF-MRA.pdf:pdf},
	issn = {1936959X},
	journal = {American Journal of Neuroradiology},
	mendeley-groups = {Thesis,PMSD},
	number = {1},
	pages = {25--32},
	title = {{Deep learning-based detection of intracranial aneurysms in 3D TOF-MRA}},
	volume = {40},
	year = {2019}
}

@inproceedings{deepmedic,
	title={DeepMedic for brain tumor segmentation},
	author={Kamnitsas, Konstantinos and Ferrante, Enzo and Parisot, Sarah and Ledig, Christian and Nori, Aditya V and Criminisi, Antonio and Rueckert, Daniel and Glocker, Ben},
	booktitle={International workshop on Brainlesion: Glioma, multiple sclerosis, stroke and traumatic brain injuries},
	pages={138--149},
	year={2016},
	organization={Springer}
}

@article{Ueda2019,
	author = {Ueda, Daiju and Yamamoto, Akira and Nishimori, Masataka and Shimono, Taro and Doishita, Satoshi and Shimazaki, Akitoshi and Katayama, Yutaka and Fukumoto, Shinya and Choppin, Antoine and Shimahara, Yuki and Miki, Yukio},
	doi = {10.1148/radiol.2018180901},
	file = {:home/dhaval/.local/share/data/Mendeley Ltd./Mendeley Desktop/Downloaded/Ueda et al. - 2019 - Deep learning for MR angiography Automated detection of cerebral aneurysms(2).pdf:pdf},
	issn = {15271315},
	journal = {Radiology},
	mendeley-groups = {Thesis},
	number = {1},
	pages = {187--194},
	title = {{Deep learning for MR angiography: Automated detection of cerebral aneurysms}},
	volume = {290},
	year = {2019}
}

@misc{3dunet,
	archivePrefix = {arXiv},
	arxivId = {cs.CV/1606.06650},
	author = {{\c{C}}i{\c{c}}ek, {\"{O}}zg{\"{u}}n and Abdulkadir, Ahmed and Lienkamp, Soeren S and Brox, Thomas and Ronneberger, Olaf},
	eprint = {1606.06650},
	mendeley-groups = {Thesis},
	primaryClass = {cs.CV},
	title = {{3D U-Net: Learning Dense Volumetric Segmentation from Sparse Annotation}},
	year = {2016}
}

